@article{clarke1986automatic,
  title={Automatic verification of finite-state concurrent systems using temporal logic specifications},
  author={Clarke, Edmund M. and Emerson, E. Allen and Sistla, A. Prasad},
  journal={ACM Transactions on Programming Languages and Systems (TOPLAS)},
  volume={8},
  number={2},
  pages={244--263},
  year={1986},
  publisher={ACM}
}

@inproceedings{famelis2012semantics,
  title={The semantics of partial model transformations},
  author={Famelis, Michalis and Salay, Rick and Chechik, Marsha},
  booktitle={Modeling in Software Engineering (MISE), 2012 ICSE Workshop on},
  pages={64--69},
  year={2012},
  organization={IEEE}
}

@incollection{ModelCheckingModalTransitionSystemsUsingKripkeStructures,
year={2002},
isbn={978-3-540-43631-7},
booktitle={Verification, Model Checking, and Abstract Interpretation},
volume={2294},
series={Lecture Notes in Computer Science},
editor={Cortesi, Agostino},
doi={10.1007/3-540-47813-2_21},
title={Model Checking Modal Transition Systems Using Kripke Structures},
url={http://dx.doi.org/10.1007/3-540-47813-2_21},
publisher={Springer Berlin Heidelberg},
author={Huth, Michael},
pages={302-316},
language={English}
}

@incollection{ModelCheckingPartialStateSpaces,
year={1999},
isbn={978-3-540-66202-0},
booktitle={Computer Aided Verification},
volume={1633},
series={Lecture Notes in Computer Science},
editor={Halbwachs, Nicolas and Peled, Doron},
doi={10.1007/3-540-48683-6_25},
title={Model Checking Partial State Spaces with 3-Valued Temporal Logics},
url={http://dx.doi.org/10.1007/3-540-48683-6_25},
publisher={Springer Berlin Heidelberg},
author={Bruns, Glenn and Godefroid, Patrice},
pages={274-287},
language={English}
}

@article{Alur:2001:MCH:503502.503503,
 author = {Alur, Rajeev and Yannakakis, Mihalis},
 title = {Model Checking of Hierarchical State Machines},
 journal = {ACM Trans. Program. Lang. Syst.},
 issue_date = {May 2001},
 volume = {23},
 number = {3},
 month = may,
 year = {2001},
 issn = {0164-0925},
 pages = {273--303},
 numpages = {31},
 url = {http://doi.acm.org/10.1145/503502.503503},
 doi = {10.1145/503502.503503},
 acmid = {503503},
 publisher = {ACM},
 address = {New York, NY, USA},
 keywords = {Hierarchical state machines, model checking, statecharts, temporal logic}
} 

@article{Alur:1998:MCH:291252.288305,
 author = {Alur, Rajeev and Yannakakis, Mihalis},
 title = {Model Checking of Hierarchical State Machines},
 journal = {SIGSOFT Softw. Eng. Notes},
 issue_date = {Nov. 1998},
 volume = {23},
 number = {6},
 month = nov,
 year = {1998},
 issn = {0163-5948},
 pages = {175--188},
 numpages = {14},
 url = {http://doi.acm.org/10.1145/291252.288305},
 doi = {10.1145/291252.288305},
 acmid = {288305},
 publisher = {ACM},
 address = {New York, NY, USA}
}

@inproceedings{Alur:1998:MCH:288195.288305,
 author = {Alur, Rajeev and Yannakakis, Mihalis},
 title = {Model Checking of Hierarchical State Machines},
 booktitle = {Proceedings of the 6th ACM SIGSOFT International Symposium on Foundations of Software Engineering},
 series = {SIGSOFT '98/FSE-6},
 year = {1998},
 isbn = {1-58113-108-9},
 location = {Lake Buena Vista, Florida, USA},
 pages = {175--188},
 numpages = {14},
 url = {http://doi.acm.org/10.1145/288195.288305},
 doi = {10.1145/288195.288305},
 acmid = {288305},
 publisher = {ACM},
 address = {New York, NY, USA}
} 

@book{de2001concurrency,
  title={Concurrency Verification: Introduction to Compositional and Non-compositional Methods},
  author={de Roever, W-P},
  volume={54},
  year={2001},
  publisher={Cambridge University Press}
}

@article{chaki2004verification,
  title={Verification of evolving software},
  author={Chaki, Sagar and Sharygina, Natasha and Sinha, Nishant},
  journal={},
  year={2004},
  publisher={Citeseer}
}


@article{jones1983tentative,
  title={Tentative steps toward a development method for interfering programs},
  author={Jones, Cliff B.},
  journal={ACM Transactions on Programming Languages and Systems (TOPLAS)},
  volume={5},
  number={4},
  pages={596--619},
  year={1983},
  publisher={ACM}
}

@article{assumeguarantee,
year={1999},
issn={0925-9856},
journal={Formal Methods in System Design},
volume={15},
number={1},
doi={10.1023/A:1008739929481},
title={Reactive Modules},
url={http://dx.doi.org/10.1023/A%3A1008739929481},
publisher={Kluwer Academic Publishers},
keywords={modeling of reactive systems; formal verification; compositionality; concurrency modeling; synchrony and asynchrony; assume-guarantee reasoning; temporal abstraction},
author={Alur, Rajeev and Henzinger, ThomasA.},
pages={7-48},
language={English}
}

@book{de2001concurrency,
  title={Concurrency Verification: Introduction to Compositional and Non-compositional Methods},
  author={de Roever, W-P},
  volume={54},
  year={2001},
  publisher={Cambridge University Press}
}

@incollection{Pnueli:1989:TGM:101969.101977,
 author = {Pnueli, A.},
 journal = {Logics and Models of Concurrent Systems},
 chapter = {In Transition from Global to Modular Temporal Reasoning About Programs},
 title = {Logics and Models of Concurrent Systems},
 editor = {Apt, Krzysztof R.},
 year = {1985},
 isbn = {0-387-15181-8},
 pages = {123--144},
 numpages = {22},
 url = {http://dl.acm.org/citation.cfm?id=101969.101977},
 acmid = {101977},
 publisher = {Springer-Verlag New York, Inc.},
 address = {New York, NY, USA}
} 

@incollection{Pnueli:1989:TGM:101969.101977,
 author = {Pnueli, A.},
 journal = {Logics and Models of Concurrent Systems},
 chapter = {In Transition from Global to Modular Temporal Reasoning About Programs},
 title = {Logics and Models of Concurrent Systems},
 editor = {Apt, Krzysztof R.},
 year = {1985},
 isbn = {0-387-15181-8},
 pages = {123--144},
 numpages = {22},
 url = {http://dl.acm.org/citation.cfm?id=101969.101977},
 acmid = {101977},
 publisher = {Springer-Verlag New York, Inc.},
 address = {New York, NY, USA}
} 

@incollection{bruns2000generalized,
  title={Generalized model checking: Reasoning about partial state spaces},
  author={Bruns, Glenn and Godefroid, Patrice},
  booktitle={CONCUR 2000-Concurrency Theory},
  pages={168--182},
  year={2000},
  publisher={Springer}
}

@article{d2013synthesising,
  title={Synthesising non-anomalous event-based controllers for liveness goals},
  author={D'Ippolito, Nicol{\'a}s and Braberman, Victor and Piterman, Nir and Uchitel, Sebasti{\'a}n},
  journal={ACM Tran. Softw. Eng. Methodol},
  volume={22},
  year={2013}
}

@inproceedings{pnueli1989synthesis2,
  title={On the synthesis of a reactive module},
  author={Pnueli, Amir and Rosner, Roni},
  booktitle={Proceedings of the 16th ACM SIGPLAN-SIGACT symposium on Principles of programming languages},
  pages={179--190},
  year={1989},
  organization={ACM}
}

@article{ramadge1989control,
  title={The control of discrete event systems},
  author={Ramadge, Peter JG and Wonham, W Murray},
  journal={Proceedings of the IEEE},
  volume={77},
  number={1},
  pages={81--98},
  year={1989},
  publisher={IEEE}
}

@inproceedings{miremadi2011bdd,
  title={BDD-based supervisory control on extended finite automata},
  author={Miremadi, Sajed and Lennartson, Bengt and Akesson, K},
  booktitle={Automation Science and Engineering (CASE), 2011 IEEE Conference on},
  pages={25--31},
  year={2011},
  organization={IEEE}
}

@article{ramadge1987supervisory,
  title={Supervisory control of a class of discrete event processes},
  author={Ramadge, Peter J and Wonham, W Murray},
  journal={SIAM journal on control and optimization},
  volume={25},
  number={1},
  pages={206--230},
  year={1987},
  publisher={SIAM}
}

@article{ramadge1987supervisory,
  title={Supervisory control of a class of discrete event processes},
  author={Ramadge, Peter J and Wonham, W Murray},
  journal={SIAM journal on control and optimization},
  volume={25},
  number={1},
  pages={206--230},
  year={1987},
  publisher={SIAM}
}

@inproceedings{pnueli1989synthesis,
  title={On the synthesis of a reactive module},
  author={Pnueli, Amir and Rosner, Roni},
  booktitle={Proceedings of the 16th ACM SIGPLAN-SIGACT symposium on Principles of programming languages},
  pages={179--190},
  year={1989},
  organization={ACM}
}

@ARTICLE{4721439, 
author={Uchitel, S. and Brunet, G. and Chechik, M.}, 
journal={Software Engineering, IEEE Transactions on}, 
title={Synthesis of Partial Behavior Models from Properties and Scenarios}, 
year={2009}, 
month={May}, 
volume={35}, 
number={3}, 
pages={384-406}, 
keywords={formal specification;modal transition system;partial behavior model;safety properties;software development;Modal transition systems;merge;partial behavior models.;synthesis}, 
doi={10.1109/TSE.2008.107}, 
ISSN={0098-5589},}


@book{gross2004handbook,
  title={Handbook of graph theory},
  author={Gross, Jonathan L and Yellen, Jay},
  year={2004},
  publisher={CRC press}
}

@incollection{huth2001modal,
  title={Modal transition systems: A foundation for three-valued program analysis},
  author={Huth, Michael and Jagadeesan, Radha and Schmidt, David},
  booktitle={Programming Languages and Systems},
  pages={155--169},
  year={2001},
  publisher={Springer}
}

@book{clarke1999model,
  title={Model checking},
  author={Clarke, Edmund M and Grumberg, Orna and Peled, Doron},
  year={1999},
  publisher={MIT press}
}



@book{holzmann2004spin,
  title={The SPIN model checker: Primer and reference manual},
  author={Holzmann, Gerard J},
  volume={1003},
  year={2004},
  publisher={Addison-Wesley Reading}
}

@inproceedings{buchi1960decision,
  title={On a decision method in restricted second order arithmetic},
  author={B{\"u}chi, J Richard},
  booktitle={Proc. Internat. Congr. Logic, Method. and Philos. Sci},
  pages={1--12},
  year={1960}
}

@inproceedings{pnueli1977temporal,
  title={The temporal logic of programs},
  author={Pnueli, Amir},
  booktitle={Foundations of Computer Science, 1977., 18th Annual Symposium on},
  pages={46--57},
  year={1977},
  organization={IEEE}
}

@article{Wolper198372,
title = "Temporal logic can be more expressive ",
journal = "Information and Control ",
volume = "56",
number = "1-2",
pages = "72 - 99",
year = "1983",
note = "",
issn = "0019-9958",
doi = "http://dx.doi.org/10.1016/S0019-9958(83)80051-5",
url = "http://www.sciencedirect.com/science/article/pii/S0019995883800515",
author = "Pierre Wolper",
abstract = "It is first proved that there are properties of sequences that are not expressible in temporal logic, even though they are easily expressible using, for instance, regular expressions. Then, it is shown how temporal logic can be extended to express any property definable by a right-linear grammar and hence a regular expression. Finally, a complete axiomatization and a decision procedure for the extended temporal logic are given and the complexity of the extended logic is examined. "
}

@article{mealy1955method,
  title={A method for synthesizing sequential circuits},
  author={Mealy, George H},
  journal={Bell System Technical Journal},
  volume={34},
  number={5},
  pages={1045--1079},
  year={1955},
  publisher={Wiley Online Library}
}

@article{moore1956gedanken,
  title={Gedanken-experiments on sequential machines},
  author={Moore, Edward F},
  journal={Automata studies},
  volume={34},
  pages={129--153},
  year={1956}
}

@inproceedings{lamport1983good,
  title={What good is temporal logic?},
  author={Lamport, Leslie},
  booktitle={IFIP congress},
  volume={83},
  pages={657--668},
  year={1983}
}

@incollection{peled1996algorithmic,
  title={An algorithmic approach for checking closure properties of $\omega$-regular languages},
  author={Peled, Doron and Wilke, Thomas and Wolper, Pierre},
  booktitle={CONCUR'96: Concurrency Theory},
  pages={596--610},
  year={1996},
  publisher={Springer}
}

@incollection{memoryefficient,
year={1991},
isbn={978-3-540-54477-7},
booktitle={Computer-Aided Verification},
volume={531},
series={Lecture Notes in Computer Science},
editor={Clarke, EdmundM. and Kurshan, RobertP.},
doi={10.1007/BFb0023737},
title={Memory efficient algorithms for the verification of temporal properties},
url={http://dx.doi.org/10.1007/BFb0023737},
publisher={Springer Berlin Heidelberg},
author={Courcoubetis, C. and Vardi, M. and Wolper, P. and Yannakakis, M.},
pages={233-242},
language={English}
}

@misc{naveh2011jgrapht,
  title={JGraphT a free Java graph library},
  author={Naveh, Barak},
  year={2011}
}

@book{baier2008principles,
  title={Principles of model checking},
  author={Baier, Christel and Katoen, Joost-Pieter and others},
  volume={26202649},
  year={2008},
  publisher={MIT press Cambridge}
}



@inproceedings{larsen1988modal,
  title={A modal process logic},
  author={Larsen, Kim G and Thomsen, Bent},
  booktitle={Logic in Computer Science, 1988. LICS'88., Proceedings of the Third Annual Symposium on},
  pages={203--210},
  year={1988},
  organization={IEEE}
}

@article{chechik2003multi,
  title={Multi-valued symbolic model-checking},
  author={Chechik, Marsha and Devereux, Benet and Easterbrook, Steve and Gurfinkel, Arie},
  journal={ACM Transactions on Software Engineering and Methodology (TOSEM)},
  volume={12},
  number={4},
  pages={371--408},
  year={2003},
  publisher={ACM}
}
@inproceedings{famelis2012partial,
  title={Partial models: Towards modeling and reasoning with uncertainty},
  author={Famelis, Michalis and Salay, Rick and Chechik, Marsha},
  booktitle={Software Engineering (ICSE), 2012 34th International Conference on},
  pages={573--583},
  year={2012},
  organization={IEEE}
}

@incollection{famelis2013transformation,
  title={Transformation of models containing uncertainty},
  author={Famelis, Michalis and Salay, Rick and Di Sandro, Alessio and Chechik, Marsha},
  booktitle={Model-Driven Engineering Languages and Systems},
  pages={673--689},
  year={2013},
  publisher={Springer}
}

@inproceedings{famelis2012partial,
  title={Partial models: Towards modeling and reasoning with uncertainty},
  author={Famelis, Michalis and Salay, Rick and Chechik, Marsha},
  booktitle={Software Engineering (ICSE), 2012 34th International Conference on},
  pages={573--583},
  year={2012},
  organization={IEEE}
}

@inproceedings{giannakopoulou2002assumption,
  title={Assumption generation for software component verification},
  author={Giannakopoulou, Dimitra and Pasareanu, Corina S and Barringer, Howard},
  booktitle={Automated Software Engineering, 2002. Proceedings. ASE 2002. 17th IEEE International Conference on},
  pages={3--12},
  year={2002},
  organization={IEEE}
}

@inproceedings{bruns1999model,
  title={Model checking partial state spaces with 3-valued temporal logics},
  author={Bruns, Glenn and Godefroid, Patrice},
  booktitle={Computer Aided Verification},
  pages={274--287},
  year={1999},
  organization={Springer}
}



@techreport{vogel2014researching,
  title={Researching evolution in industrial plant automation: Scenarios and documentation of the pick and place unit},
  author={Vogel-Heuser, B and Legat, C and Folmer, J and Feldmann, S},
  year={2014},
  institution={Technical Report TUM-AIS-TR-01-14-02, Institute of Automation and Information Systems, Technische Universit{\"a}t M{\"u}nchen}
}

@inproceedings{peled2001model,
  title={From model checking to a temporal proof},
  author={Peled, Doron and Zuck, Lenore},
  booktitle={Proceedings of the 8th international SPIN workshop on Model checking of software},
  pages={1--14},
  year={2001},
  organization={Springer-Verlag New York, Inc.}
}


@book{peled2001software,
  title={Software reliability methods},
  author={Peled, Doron},
  year={2001},
  publisher={Springer}
}

@inproceedings{de2006antichains,
  title={Antichains: A new algorithm for checking universality of finite automata},
  author={De Wulf, Martin and Doyen, Laurent and Henzinger, Thomas A and Raskin, J-F},
  booktitle={Computer Aided Verification},
  pages={17--30},
  year={2006},
  organization={Springer}
}

@inproceedings{tabakov2005experimental,
  title={Experimental evaluation of classical automata constructions},
  author={Tabakov, Deian and Vardi, Moshe Y},
  booktitle={Logic for Programming, Artificial Intelligence, and Reasoning},
  pages={396--411},
  year={2005},
  organization={Springer}
}

@inproceedings{tabakov2007model,
  title={Model Checking Buechi Specifications.},
  author={Tabakov, Deian and Vardi, Moshe Y},
  booktitle={LATA},
  pages={565--576},
  year={2007},
  organization={Citeseer}
}

@misc{LTL2BA4J,
  title = {LTL2BA4J - Java bridge to ltl2ba},
  howpublished = {\url{http://www.sable.mcgill.ca/~ebodde/rv/ltl2ba4j/}},
  note = {Accessed: 2015-02-10}
}

@book{cassandras2008introduction,
  title={Introduction to discrete event systems},
  author={Cassandras, Christos G and others},
  year={2008},
  publisher={Springer Science \& Business Media}
}

@inproceedings{giannakopoulou2002assumption,
  title={Assumption generation for software component verification},
  author={Giannakopoulou, Dimitra and Pasareanu, Corina S and Barringer, Howard},
  booktitle={Automated Software Engineering, 2002. Proceedings. ASE 2002. 17th IEEE International Conference on},
  pages={3--12},
  year={2002},
  organization={IEEE}
}

@inproceedings{Lichtenstein:1985:CFS:318593.318622,
 author = {Lichtenstein, Orna and Pnueli, Amir},
 title = {Checking That Finite State Concurrent Programs Satisfy Their Linear Specification},
 booktitle = {Proceedings of the 12th ACM SIGACT-SIGPLAN Symposium on Principles of Programming Languages},
 series = {POPL '85},
 year = {1985},
 isbn = {0-89791-147-4},
 location = {New Orleans, Louisiana, USA},
 pages = {97--107},
 numpages = {11},
 url = {http://doi.acm.org/10.1145/318593.318622},
 doi = {10.1145/318593.318622},
 acmid = {318622},
 publisher = {ACM},
 address = {New York, NY, USA}
} 

@incollection{emerson1986temporal,
  title={Temporal reasoning under generalized fairness constraints},
  author={Emerson, E Allen and Lei, Chin-Laung},
  booktitle={STACS 86},
  pages={21--36},
  year={1986},
  publisher={Springer}
}

@article{tarjan1972depth,
  title={Depth-first search and linear graph algorithms},
  author={Tarjan, Robert},
  journal={SIAM journal on computing},
  volume={1},
  number={2},
  pages={146--160},
  year={1972},
  publisher={SIAM}
}

@book{peled2001software,
  title={Software reliability methods},
  author={Peled, Doron},
  year={2001},
  publisher={Springer}
}

@article{choueka1974theories,
  title={Theories of automata on $\langle i \rangle \omega \langle /i \rangle$-tapes: A simplified approach},
  author={Choueka, Yaacov},
  journal={Journal of computer and system sciences},
  volume={8},
  number={2},
  pages={117--141},
  year={1974},
  publisher={Elsevier}
}

@INPROCEEDINGS{Gerth95simpleon-the-fly,
    author = {Rob Gerth and Doron Peled and Moshe Y. Vardi and R. Gerth and Den Dolech Eindhoven and D. Peled and M. Y. Vardi and Pierre Wolper},
    title = {Simple On-the-fly Automatic Verification of Linear Temporal Logic},
    booktitle = {In Protocol Specification Testing and Verification},
    year = {1995},
    pages = {3--18},
    publisher = {Chapman Hall}
}

@inproceedings{vardi1986automata,
  title={An automata-theoretic approach to automatic program verification},
  author={Vardi, Moshe Y and Wolper, Pierre},
  booktitle={Proceedings of the First Symposium on Logic in Computer Science},
  year={1986},
  organization={IEEE Computer Society}
}

@article{alur2001model,
  title={Model checking of hierarchical state machines},
  author={Alur, Rajeev and Yannakakis, Mihalis},
  journal={ACM Transactions on Programming Languages and Systems (TOPLAS)},
  volume={23},
  number={3},
  pages={273--303},
  year={2001},
  publisher={ACM}
}

@article{peled1997stutter,
  title={Stutter-invariant temporal properties are expressible without the next-time operator},
  author={Peled, Doron and Wilke, Thomas},
  journal={Information Processing Letters},
  volume={63},
  number={5},
  pages={243--246},
  year={1997},
  publisher={Elsevier}
}

@inproceedings{Wolper:1983:RIC:1382437.1382819,
 author = {Wolper, Pierre and Vardi, Moshe Y. and Sistla, A. Prasad},
 title = {Reasoning About Infinite Computation Paths},
 booktitle = {Proceedings of the 24th Annual Symposium on Foundations of Computer Science},
 series = {SFCS '83},
 year = {1983},
 isbn = {0-8186-0508-1},
 pages = {185--194},
 numpages = {10},
 url = {http://dx.doi.org/10.1109/SFCS.1983.51},
 doi = {10.1109/SFCS.1983.51},
 acmid = {1382819},
 publisher = {IEEE Computer Society},
 address = {Washington, DC, USA}
} 

@ARTICLE{bowman:reasoning,
	AUTHOR = "Mic Bowman and Saumya K. Debray and Larry L. Peterson",
	TITLE = "Reasoning About Naming Systems",
	JOURNAL = "ACM Trans. Program. Lang. Syst.",
	VOLUME = {15},
	NUMBER = {5},
	PAGES = {795-825},
	MONTH = "November",
	YEAR = {1993}	}

@ARTICLE{braams:babel,
	AUTHOR = "Johannes Braams",
	TITLE = "Babel, a Multilingual Style-Option System for Use with LaTeX's Standard Document Styles",
	JOURNAL = {TUGboat},
	VOLUME = {12},
	NUMBER = {2},
	PAGES = {291-301},
	MONTH = "June",
	YEAR = {1991}	}

@INPROCEEDINGS{clark:pct,
	AUTHOR = "Malcolm Clark",
	TITLE = "Post Congress Tristesse",
	BOOKTITLE = "TeX90 Conference Proceedings",
	PAGES = "84-89",
	ORGANIZATION = "TeX Users Group",
	MONTH = "March", 
	YEAR = {1991}	}

@ARTICLE{herlihy:methodology,
	AUTHOR = "Maurice Herlihy",
	TITLE = "A Methodology for Implementing Highly Concurrent
	Data Objects",
	JOURNAL = {ACM Trans. Program. Lang. Syst.},
	VOLUME = {15},
	NUMBER = {5},
	PAGES = {745-770},
	MONTH = "November",
	YEAR = {1993}	}

@BOOK{Lamport:LaTeX,
	AUTHOR = "Leslie Lamport",
	TITLE = "LaTeX User's Guide and Document Reference Manual",
	PUBLISHER = "Addison-Wesley Publishing Company",
	ADDRESS = "Reading, Massachusetts",
	YEAR = "1986"	}

@BOOK{salas:calculus,
	AUTHOR = "S.L. Salas and Einar Hille",
	TITLE = "Calculus: One and Several Variable",
	PUBLISHER = "John Wiley and Sons",
	ADDRESS = "New York",
	YEAR = "1978"	}






