
@book{gamma1994design,
  title={Design patterns: elements of reusable object-oriented software},
  author={Gamma, Erich and Helm, Richard and Johnson, Ralph and Vlissides, John},
  year={1994},
  publisher={Pearson Education}
}