 @misc{Wikipedia,
   author = "Wikipedia",
   title = "Class-based programming / Wikipedia The Free Encyclopedia",
   year = "2014",
   url = "http://en.wikipedia.org/wiki/Class-based_programming",
   note = "[Online; accessed 26-November-2014]"
 }
  @misc{WikipediaCompiled,
   author = "Wikipedia",
   title = "Compiled language --- {W}ikipedia{,} The Free Encyclopedia",
   year = "2014",
   url = "http://en.wikipedia.org/wiki/Compiled_language",
   note = "[Online; accessed 26-November-2014]"
 }
 
   @misc{StaticallyTyped,
   title = "Static vs. dynamic typing of programming languages",
   year = "2014",
   url = "http://pythonconquerstheuniverse.wordpress.com/2009/10/03/static-vs-dynamic-typing-of-programming-languages/",
   note = "[Online; accessed 26-November-2014]"
 }
 
 
 

@book{principe2014java,
  title={Java 8},
  author={Principe, Pellegrino},
  year={2014},
  publisher={Apogeo Editore}
}